<?xml version="1.0" encoding="UTF-8"?><collection xmlns="http://www.loc.gov/MARC21/slim"><record><leader>00531nam--2200193-i-4500</leader><controlfield tag="001">000019231</controlfield><controlfield tag="002">20161230</controlfield><controlfield tag="005">20161230201033</controlfield><controlfield tag="008">060222s1000------------r-----000-0-rus-d</controlfield><datafield ind1=" " ind2=" " tag="040"><subfield code="a">IFIN-HH</subfield></datafield><datafield ind1=" " ind2=" " tag="041"><subfield code="a">rus</subfield></datafield><datafield ind1=" " ind2=" " tag="080"><subfield code="a">539.1.07(061.3)</subfield></datafield><datafield ind1="1" ind2=" " tag="100"><subfield code="a">Kleimenov, V.F</subfield></datafield><datafield ind1="1" ind2="0" tag="245"><subfield code="a">Koordinatno-ceuvstvitelnie detektori</subfield><subfield code="c">V.f. kleimenov, yu.n. koblik, v.n. kuzimin, b.s. mazitov</subfield></datafield><datafield ind1=" " ind2=" " tag="260"><subfield code="a">Taskent</subfield><subfield code="b">Fan</subfield><subfield code="c">1979</subfield></datafield><datafield ind1=" " ind2=" " tag="300"><subfield code="a">142P</subfield></datafield><datafield ind1="1" ind2=" " tag="700"><subfield code="a">Mazitov, B.S</subfield></datafield><datafield ind1=" " ind2=" " tag="852"><subfield code="a">49054</subfield><subfield code="c">539.1.07:539.1.08</subfield></datafield><datafield ind1=" " ind2=" " tag="CAT"><subfield code="a">Sys</subfield><subfield code="c">20111027</subfield><subfield code="h">164124</subfield></datafield></record></collection>